<record xmlns="http://www.loc.gov/MARC21/slim" xmlns:xsi="http://www.w3.org/2001/XMLSchema-instance" xsi:schemaLocation="http://www.loc.gov/MARC21/slim http://www.loc.gov/standards/marcxml/schema/MARC21slim.xsd"><leader>02922nam a2200469   4500</leader><controlfield tag="001">1919732</controlfield><controlfield tag="003">NIC</controlfield><controlfield tag="006">m        d        </controlfield><controlfield tag="007">cr cn |||m|||a</controlfield><controlfield tag="008">150113s1907    ua      o     000 0 ara d</controlfield><datafield ind1=" " ind2=" " tag="040"><subfield code="a">NNU</subfield><subfield code="b">eng</subfield><subfield code="e">rda</subfield><subfield code="c">NNU</subfield></datafield><datafield ind1=" " ind2="4" tag="050"><subfield code="a">PJ7541</subfield><subfield code="b">.I257 1907</subfield></datafield><datafield ind1="1" ind2=" " tag="100"><subfield code="6">880-01</subfield><subfield code="a">Ibn Rashi&#772;q al-Qayrawa&#772;ni&#772;, al-H&#803;asan,</subfield><subfield code="d">-1064?</subfield></datafield><datafield ind1="1" ind2="3" tag="245"><subfield code="6">880-02</subfield><subfield code="a">al-Juz&#700; al-awwal [wa-al-tha&#772;ni&#772;] min Kita&#772;b al-&#699;umdah fi&#772; s&#803;ina&#772;&#699;at al-shi&#699;r wa-naqdih /</subfield><subfield code="c">ta&#700;li&#772;f Abi&#772; &#699;Ali&#772; al-H&#803;asan ibn Rashi&#772;q al-Qayrawa&#772;ni&#772; ; &#699;uniya bi-tas&#803;h&#803;i&#772;h&#803;ihi Muh&#803;ammad Badr al-Di&#772;n al-Na&#699;sa&#772;ni&#772; al-H&#803;alabi&#772;.</subfield></datafield><datafield ind1="3" ind2=" " tag="246"><subfield code="6">880-03</subfield><subfield code="a">&#699;Umdah fi&#772; s&#803;ina&#772;&#699;at al-shi&#699;r wa-naqdih</subfield></datafield><datafield ind1="3" ind2=" " tag="246"><subfield code="6">880-04</subfield><subfield code="a">Kita&#772;b al-&#699;umdah fi&#772; s&#803;ina&#772;&#699;at al-shi&#699;r wa-naqdih</subfield></datafield><datafield ind1=" " ind2=" " tag="250"><subfield code="6">880-05</subfield><subfield code="a">al-T&#803;ab&#699;ah 1.</subfield></datafield><datafield ind1=" " ind2=" " tag="260"><subfield code="6">880-06</subfield><subfield code="a">[Cairo] :</subfield><subfield code="b">Mat&#803;ba&#699;at al-Sa&#699;a&#772;dah,</subfield><subfield code="c">1907.</subfield></datafield><datafield ind1=" " ind2=" " tag="300"><subfield code="6">880-07</subfield><subfield code="a">online resource (2 volumes in 1)</subfield></datafield><datafield ind1=" " ind2=" " tag="336"><subfield code="a">text</subfield><subfield code="2">rdacontent</subfield></datafield><datafield ind1=" " ind2=" " tag="337"><subfield code="a">computer</subfield><subfield code="2">rdamedia</subfield></datafield><datafield ind1=" " ind2=" " tag="338"><subfield code="a">online resource</subfield><subfield code="2">rdacarrier</subfield></datafield><datafield ind1=" " ind2=" " tag="500"><subfield code="a">Part of the Arabic Collections Online (ACO) project, contributed by Cornell University Libraries.</subfield></datafield><datafield ind1=" " ind2=" " tag="533"><subfield code="a">Electronic reproduction.</subfield><subfield code="b">New York, N.Y. :</subfield><subfield code="c">New York University,</subfield><subfield code="d">2015.</subfield><subfield code="5">NNU</subfield></datafield><datafield ind1=" " ind2="0" tag="650"><subfield code="a">Arabic poetry</subfield><subfield code="x">History and criticism</subfield><subfield code="v">Early works to 1800.</subfield></datafield><datafield ind1=" " ind2="7" tag="650"><subfield code="a">Arabic poetry.</subfield><subfield code="2">fast</subfield><subfield code="0">(OCoLC)fst00812533</subfield></datafield><datafield ind1=" " ind2="7" tag="655"><subfield code="a">Criticism, interpretation, etc.</subfield><subfield code="2">fast</subfield><subfield code="0">(OCoLC)fst01411635</subfield></datafield><datafield ind1=" " ind2="7" tag="655"><subfield code="a">Early works.</subfield><subfield code="2">fast</subfield><subfield code="0">(OCoLC)fst01411636</subfield></datafield><datafield ind1="2" ind2=" " tag="710"><subfield code="a">Cornell University.</subfield><subfield code="b">Libraries.</subfield></datafield><datafield ind1="0" ind2=" " tag="730"><subfield code="a">Arabic Collections Online.</subfield></datafield><datafield ind1="0" ind2="8" tag="776"><subfield code="i">Online version:</subfield><subfield code="a">Ibn Rashi&#772;q al-Qayrawa&#772;ni&#772;, al-H&#803;asan, -1064?</subfield><subfield code="t">Juz&#700; al-awwal [wa-al-tha&#772;ni&#772;] min Kita&#772;b al-&#699;umdah fi&#772; s&#803;ina&#772;&#699;at al-shi&#699;r wa-naqdih.</subfield><subfield code="b">al-T&#803;ab&#699;ah 1.</subfield><subfield code="d">[Cairo] : Mat&#803;ba&#699;at al-Sa&#699;a&#772;dah, 1907</subfield><subfield code="w">(OCoLC)798495650</subfield></datafield><datafield ind1="0" ind2="8" tag="776"><subfield code="i">Print version:</subfield><subfield code="a">Ibn Rashi&#772;q al-Qayrawa&#772;ni&#772;, al-H&#803;asan, -1064?</subfield><subfield code="t">al-Juz&#700; al-awwal [wa-al-tha&#772;ni&#772;] min Kita&#772;b al-&#699;umdah fi&#772; s&#803;ina&#772;&#699;at al-shi&#699;r wa-naqdih</subfield><subfield code="w">(NIC)1919732</subfield><subfield code="w">(OCoLC)33994334</subfield></datafield><datafield ind1="4" ind2="0" tag="856"><subfield code="u">http://hdl.handle.net/2333.1/q83bk5tq</subfield></datafield><datafield ind1="1" ind2=" " tag="880"><subfield code="6">100-01/r</subfield><subfield code="a">&#1575;&#1576;&#1606; &#1585;&#1588;&#1610;&#1602; &#1575;&#1604;&#1602;&#1610;&#1585;&#1608;&#1575;&#1606;&#1610;&#1548; &#1575;&#1604;&#1581;&#1587;&#1606;&#1548;,</subfield><subfield code="d">&#1578;. 1064&#1567;.</subfield></datafield><datafield ind1="1" ind2="3" tag="880"><subfield code="6">245-02/r</subfield><subfield code="a">&#1575;&#1604;&#1580;&#1586;&#1569; &#1575;&#1604;&#1575;&#1608;&#1604; [&#1608;&#1575;&#1604;&#1579;&#1575;&#1606;&#1610;] &#1605;&#1606; &#1603;&#1578;&#1575;&#1576; &#1575;&#1604;&#1593;&#1605;&#1583;&#1577; &#1601;&#1610; &#1589;&#1606;&#1575;&#1593;&#1577; &#1575;&#1604;&#1588;&#1593;&#1585; &#1608;&#1606;&#1602;&#1583;&#1607; /</subfield><subfield code="c">&#1578;&#1571;&#1604;&#1610;&#1601; &#1575;&#1576;&#1610; &#1593;&#1604;&#1610; &#1575;&#1604;&#1581;&#1587;&#1606; &#1576;&#1606; &#1585;&#1588;&#1610;&#1602; &#1575;&#1604;&#1602;&#1610;&#1585;&#1608;&#1575;&#1606;&#1610; &#1563; &#1593;&#1606;&#1610; &#1576;&#1578;&#1589;&#1581;&#1610;&#1581;&#1607; &#1605;&#1581;&#1605;&#1583; &#1576;&#1583;&#1585; &#1575;&#1604;&#1583;&#1610;&#1606; &#1575;&#1604;&#1606;&#1593;&#1587;&#1575;&#1606;&#1610; &#1575;&#1604;&#1581;&#1604;&#1576;&#1610;.</subfield></datafield><datafield ind1="3" ind2=" " tag="880"><subfield code="6">246-03/r</subfield><subfield code="a">&#1593;&#1605;&#1583;&#1577; &#1601;&#1610; &#1589;&#1606;&#1575;&#1593;&#1577; &#1575;&#1604;&#1588;&#1593;&#1585; &#1608;&#1606;&#1602;&#1583;&#1607;</subfield></datafield><datafield ind1="3" ind2=" " tag="880"><subfield code="6">246-04/r</subfield><subfield code="a">&#1603;&#1578;&#1575;&#1576; &#1575;&#1604;&#1593;&#1605;&#1583;&#1577; &#1601;&#1610; &#1589;&#1606;&#1575;&#1593;&#1577; &#1575;&#1604;&#1588;&#1593;&#1585; &#1608;&#1606;&#1602;&#1583;&#1607;</subfield></datafield><datafield ind1=" " ind2=" " tag="880"><subfield code="6">250-05/r</subfield><subfield code="a">&#1575;&#1604;&#1591;&#1576;&#1593;&#1577; 1.</subfield></datafield><datafield ind1=" " ind2=" " tag="880"><subfield code="6">260-06/r</subfield><subfield code="a">[&#1575;&#1604;&#1602;&#1575;&#1607;&#1585;&#1577;] :</subfield><subfield code="b">&#1605;&#1591;&#1576;&#1593;&#1577; &#1575;&#1604;&#1587;&#1593;&#1575;&#1583;&#1577;&#1548;</subfield><subfield code="c">1907.</subfield></datafield><datafield ind1=" " ind2=" " tag="880"><subfield code="6">300-07/r</subfield><subfield code="a">2 &#1605;&#1580;. &#1601;&#1610; 1 &#1563;</subfield><subfield code="c">25 &#1587;&#1605;.</subfield></datafield><datafield ind1=" " ind2=" " tag="959"><subfield code="a">NNU</subfield><subfield code="b">WEB</subfield><subfield code="c">GENI</subfield><subfield code="t">0</subfield><subfield code="m">Electronic access</subfield><subfield code="s">01</subfield></datafield><datafield ind1=" " ind2=" " tag="999"><subfield code="i">NIC_1919732</subfield><subfield code="o">(OCoLC)ocm33994334 </subfield></datafield></record>